@article{park2021epidemiological,
  title={{Epidemiological dynamics of enterovirus D68 in the United States and implications for acute flaccid myelitis}},
  author={Park, Sang Woo and Pons-Salort, Margarita and Messacar, Kevin and Cook, Camille and Meyers, Lindsay and Farrar, Jeremy and Grenfell, Bryan T},
  journal={Science translational Medicine},
  volume={13},
  number={584},
  pages={eabd2400},
  year={2021},
  publisher={American Association for the Advancement of Science}
}

@article{ma2022increase,
  title={{Increase in Acute Respiratory Illnesses Among Children and Adolescents Associated with Rhinoviruses and Enteroviruses, Including Enterovirus D68—United States, July--September 2022}},
  author={Ma, Kevin C. and Winn, Amber and Moline, Heidi L. and Scobie, Heather M. and Midgley, Claire M. and Kirking, Hannah L. and Adjemian, Jennifer and Hartnett, Kathleen P. and Johns, Dylan and Jones, Jefferson M. and Lopez, Adriana and Lu, Xiaoyan and Perez, Ariana and Perrine, Cria G. and Rzucidlo, Andzelika E. and McMorrow, Meredith L. and Silk, Benjamin J. and Stein, Zachary and Vega, Everardo and {New Vaccine Surveillance Network Collaborators} and Hall, Aron J.},
  journal={MMWR. Morbidity and Mortality Weekly Report},
  volume={71},
  year={2022}
}

@article{goldstein2011predicting,
  title={{Predicting the epidemic sizes of influenza A/H1N1, A/H3N2, and B: a statistical method}},
  author={Goldstein, Edward and Cobey, Sarah and Takahashi, Saki and Miller, Joel C and Lipsitch, Marc},
  journal={PLoS medicine},
  volume={8},
  number={7},
  pages={e1001051},
  year={2011},
  publisher={Public Library of Science San Francisco, USA}
}

@article{kissler2020projecting,
  title={{Projecting the transmission dynamics of SARS-CoV-2 through the postpandemic period}},
  author={Kissler, Stephen M and Tedijanto, Christine and Goldstein, Edward and Grad, Yonatan H and Lipsitch, Marc},
  journal={Science},
  volume={368},
  number={6493},
  pages={860--868},
  year={2020},
  publisher={American Association for the Advancement of Science}
}

@article{oberste2004enterovirus,
  title={Enterovirus 68 is associated with respiratory illness and shares biological features with both the enteroviruses and the rhinoviruses},
  author={Oberste, M Steven and Maher, Kaija and Schnurr, David and Flemister, Mary R and Lovchik, Judith C and Peters, Heather and Sessions, Wendy and Kirk, Carol and Chatterjee, Nando and Fuller, Susan and others},
  journal={Journal of General Virology},
  volume={85},
  number={9},
  pages={2577--2584},
  year={2004},
  publisher={Microbiology Society}
}


@article{schieble1967probable,
  title={A probable new human picornavirus associated with respiratory disease.},
  author={Schieble, Jack H and Fox, Virginia L and Lennette, Edwin H and others},
  journal={American Journal of Epidemiology},
  volume={85},
  number={2},
  pages={297--310},
  year={1967}
}


@article{messacar20162014,
  title={2014 outbreak of enterovirus {D68} in {North America}},
  author={Messacar, Kevin and Abzug, Mark J and Dominguez, Samuel R},
  journal={Journal of Medical Virology},
  volume={88},
  number={5},
  pages={739--745},
  year={2016},
  publisher={Wiley Online Library}
}


@misc{roux2014polio,
  title={A polio-like syndrome in {California}: clinical, radiologic, and serologic evaluation of five children identified by a statewide laboratory over a twelve-Months period},
  author={Roux, Alexandra and Lulu, Sabeen and Waubant, Emmanuelle and Glaser, Carol and Van Haren, Keith},
  year={2014},
  note={{American Academy of Neurology Annual Meeting, Philadelphia, PA}},
  publisher={American Academy of Neurology Annual Meeting}
}


@article{mckay2018increase,
  title={Increase in acute flaccid myelitis —- {United States}, 2018},
  author={McKay, Susannah L and Lee, Adria D and Lopez, Adriana S and Nix, W Allan and Dooling, Kathleen L and Keaton, Amelia A and Spence-Davizon, Emily and Herlihy, Rachel and Clark, Thomas A and Hopkins, Sarah E and others},
  journal={Morbidity and Mortality Weekly Report},
  volume={67},
  number={45},
  pages={1273},
  year={2018},
  publisher={Centers for Disease Control and Prevention}
}

@article{messacar2018enterovirus,
  title={Enterovirus {D68} and acute flaccid myelitis—evaluating the evidence for causality},
  author={Messacar, Kevin and Asturias, Edwin J and Hixon, Alison M and Van Leer-Buter, Coretta and Niesters, Hubert GM and Tyler, Kenneth L and Abzug, Mark J and Dominguez, Samuel R},
  journal={The Lancet Infectious Diseases},
  volume={18},
  number={8},
  pages={e239--e247},
  year={2018},
  publisher={Elsevier}
}


@article{messacar2019continued,
  title={Continued biennial circulation of enterovirus {D68} in {Colorado}},
  author={Messacar, Kevin and Pretty, Kristin and Reno, Samantha and Dominguez, Samuel R},
  journal={Journal of Clinical Virology},
  volume={113},
  pages={24},
  year={2019}
}

@article{baker2020impact,
  title={{The impact of COVID-19 nonpharmaceutical interventions on the future dynamics of endemic infections}},
  author={Baker, Rachel E and Park, Sang Woo and Yang, Wenchang and Vecchi, Gabriel A and Metcalf, C Jessica E and Grenfell, Bryan T},
  journal={Proceedings of the National Academy of Sciences},
  volume={117},
  number={48},
  pages={30547--30553},
  year={2020},
  publisher={National Acad Sciences}
}

@article{benschop2021re,
  title={{Re-emergence of enterovirus D68 in Europe after easing the COVID-19 lockdown, September 2021}},
  author={Benschop, Kimberley SM and Albert, Jan and Anton, Andres and Andr{\'e}s, Cristina and Aranzamendi, Maitane and Armannsd{\'o}ttir, Brynja and Bailly, Jean-Luc and Baldanti, Fausto and Baldvinsd{\'o}ttir, Gu{\dh}r{\'u}n Erna and Beard, Stuart and others},
  journal={Eurosurveillance},
  volume={26},
  number={45},
  pages={2100998},
  year={2021},
  publisher={European Centre for Disease Prevention and Control}
}

@article{andres2022enterovirus,
  title={{Enterovirus D68 in hospitalized children, Barcelona, Spain, 2014--2021}},
  author={Andr{\'e}s, Cristina and Vila, Jorgina and Creus-Costa, Anna and Pi{\~n}ana, Maria and Gonz{\'a}lez-S{\'a}nchez, Alejandra and Esperalba, Juliana and Codina, Maria Gema and Castillo, Carla and Mart{\'\i}n, Maria Carmen and Fuentes, Francisco and others},
  journal={Emerging infectious diseases},
  volume={28},
  number={7},
  pages={1327},
  year={2022},
  publisher={Centers for Disease Control and Prevention}
}

@article{fall2022circulation,
  title={Circulation of Enterovirus {D68} during Period of Increased Influenza-Like Illness, {Maryland}, {USA}, 2021},
  author={Fall, Amary and Gallagher, Nicholas and Morris, C Paul and Norton, Julie M and Pekosz, Andrew and Klein, Eili and Mostafa, Heba H},
  journal={Emerging infectious diseases},
  volume={28},
  number={7},
  pages={1525},
  year={2022},
  publisher={Centers for Disease Control and Prevention}
}

@article{pons2018serotype,
  title={Serotype-specific immunity explains the incidence of diseases caused by human enteroviruses},
  author={Pons-Salort, Margarita and Grassly, Nicholas C},
  journal={Science},
  volume={361},
  number={6404},
  pages={800--803},
  year={2018},
  publisher={American Association for the Advancement of Science}
}

@article{nguyen2022enterovirus,
  title={{Enterovirus D68: a test case for the use of immunological surveillance to develop tools to mitigate the pandemic potential of emerging pathogens}},
  author={Nguyen-Tran, Hai and Park, Sang Woo and Messacar, Kevin and Dominguez, Samuel R and Vogt, Matthew R and Permar, Sallie and Permaul, Perdita and Hernandez, Michelle and Douek, Daniel C and McDermott, Adrian B and others},
  journal={The Lancet Microbe},
  volume={3},
  number={2},
  pages={e83--e85},
  year={2022},
  publisher={Elsevier}
}

@article{dyda2018association,
  title={{The association between acute flaccid myelitis (AFM) and Enterovirus D68 (EV-D68)--what is the evidence for causation?}},
  author={Dyda, Amalie and Stelzer-Braid, Sacha and Adam, Dillon and Chughtai, Abrar A and MacIntyre, C Raina},
  journal={Eurosurveillance},
  volume={23},
  number={3},
  pages={17--00310},
  year={2018},
  publisher={European Centre for Disease Prevention and Control}
}

@article{aguglia2023contemporary,
  title={Contemporary enterovirus-D68 isolates infect human spinal cord organoids},
  author={Aguglia, Gabrielle and Coyne, Carolyn B and Dermody, Terence S and Williams, John V and Freeman, Megan Culler},
  journal={Mbio},
  volume={14},
  number={4},
  pages={e01058--23},
  year={2023},
  publisher={Am Soc Microbiol}
}

@article{vogt2022enterovirus,
  title={{Enterovirus D68 in the anterior horn cells of a child with acute flaccid myelitis}},
  author={Vogt, Matthew R and Wright, Peter F and Hickey, William F and De Buysscher, Tristan and Boyd, Kelli L and Crowe Jr, James E},
  journal={New England Journal of Medicine},
  volume={386},
  number={21},
  pages={2059--2060},
  year={2022},
  publisher={Mass Medical Soc}
}

@article{livingston2022neutralizing,
  title={{Neutralizing enterovirus D68 antibodies in children after 2014 outbreak, Kansas City, Missouri, USA}},
  author={Livingston, Robyn A and Harrison, Christopher J and Selvarangan, Rangaraj},
  journal={Emerging infectious diseases},
  volume={28},
  number={3},
  pages={539},
  year={2022},
  publisher={Centers for Disease Control and Prevention}
}

@article{gilrane2020biennial,
  title={{Biennial upsurge and molecular epidemiology of enterovirus D68 infection in New York, USA, 2014 to 2018}},
  author={Gilrane, Victoria L and Zhuge, Jian and Huang, Weihua and Nolan, Sheila M and Dhand, Abhay and Yin, Changhong and Salib, Christian and Shakil, Faariah and Engel, Helen and Fallon, John T and others},
  journal={Journal of Clinical Microbiology},
  volume={58},
  number={9},
  pages={10--1128},
  year={2020},
  publisher={Am Soc Microbiol}
}

@article{uprety2019association,
  title={{Association of enterovirus D68 with acute flaccid myelitis, Philadelphia, Pennsylvania, USA, 2009--2018}},
  author={Uprety, Priyanka and Curtis, Darcy and Elkan, Michael and Fink, Jeffrey and Rajagopalan, Ramakrishnan and Zhao, Chunyu and Bittinger, Kyle and Mitchell, Stephanie and Ulloa, Erlinda R and Hopkins, Sarah and others},
  journal={Emerging infectious diseases},
  volume={25},
  number={9},
  pages={1676},
  year={2019},
  publisher={Centers for Disease Control and Prevention}
}

@article{wang2019molecular,
  title={{Molecular and clinical comparison of enterovirus D68 outbreaks among hospitalized children, Ohio, USA, 2014 and 2018}},
  author={Wang, Huanyu and Diaz, Alejandro and Moyer, Katherine and Mele-Casas, Maria and Ara-Montojo, Maria Fatima and Torrus, Isabel and McCoy, Karen and Mejias, Asuncion and Leber, Amy L},
  journal={Emerging Infectious Diseases},
  volume={25},
  number={11},
  pages={2055},
  year={2019},
  publisher={Centers for Disease Control and Prevention}
}

@article{midgley2015emergence,
  title={{Emergence of enterovirus D68 in Denmark, June 2014 to February 2015}},
  author={Midgley, SE and Christiansen, Claus Bohn and Poulsen, MW and Hansen, CH and Fischer, TK},
  journal={Eurosurveillance},
  volume={20},
  number={17},
  pages={21105},
  year={2015},
  publisher={European Centre for Disease Prevention and Control}
}

@article{shah2021enterovirus,
  title={{Enterovirus D68-Associated Acute Respiratory Illness---New Vaccine Surveillance Network, United States, July--November 2018--2020}},
  author={Shah, Melisa M and Perez, Ariana and Lively, Joana Y and Avadhanula, Vasanthi and Boom, Julie A and Chappell, James and Englund, Janet A and Fregoe, Wende and Halasa, Natasha B and Harrison, Christopher J and others},
  journal={Morbidity and Mortality Weekly Report},
  volume={70},
  number={47},
  pages={1623},
  year={2021},
  publisher={Centers for Disease Control and Prevention}
}

@article{krauer2022estimating,
  title={{Estimating RSV seasonality from pandemic disruptions: a modelling study}},
  author={Krauer, Fabienne and Fjelde, Tor Erlend and Koltai, Mihaly and Hodgson, David and Treskova-Schwarzbach, Marina and Harvey, Christine and Jit, Mark and Wichmann, Ole and Harder, Thomas and Flasche, Stefan},
  journal={medRxiv},
  pages={2022--06},
  year={2022},
  publisher={Cold Spring Harbor Laboratory Press}
}

@article{nouvellet2021reduction,
  title={{Reduction in mobility and COVID-19 transmission}},
  author={Nouvellet, Pierre and Bhatia, Sangeeta and Cori, Anne and Ainslie, Kylie EC and Baguelin, Marc and Bhatt, Samir and Boonyasiri, Adhiratha and Brazeau, Nicholas F and Cattarino, Lorenzo and Cooper, Laura V and others},
  journal={Nature communications},
  volume={12},
  number={1},
  pages={1090},
  year={2021},
  publisher={Nature Publishing Group UK London}
}

@article{earn2000simple,
  title={A simple model for complex dynamical transitions in epidemics},
  author={Earn, David JD and Rohani, Pejman and Bolker, Benjamin M and Grenfell, Bryan T},
  journal={science},
  volume={287},
  number={5453},
  pages={667--670},
  year={2000},
  publisher={American Association for the Advancement of Science}
}
